%YAML 1.1
%TAG !u! tag:unity3d.com,2011:
--- !u!1 &1519496744543800204
GameObject:
  m_ObjectHideFlags: 0
  m_CorrespondingSourceObject: {fileID: 0}
  m_PrefabInstance: {fileID: 0}
  m_PrefabAsset: {fileID: 0}
  serializedVersion: 6
  m_Component:
  - component: {fileID: 1519496744543800194}
  - component: {fileID: 1519496744543800205}
  m_Layer: 0
  m_Name: Potatoe_3_Container
  m_TagString: Untagged
  m_Icon: {fileID: 0}
  m_NavMeshLayer: 0
  m_StaticEditorFlags: 0
  m_IsActive: 1
--- !u!4 &1519496744543800194
Transform:
  m_ObjectHideFlags: 0
  m_CorrespondingSourceObject: {fileID: 0}
  m_PrefabInstance: {fileID: 0}
  m_PrefabAsset: {fileID: 0}
  m_GameObject: {fileID: 1519496744543800204}
  m_LocalRotation: {x: -0, y: -0, z: -0, w: 1}
  m_LocalPosition: {x: 0, y: 0, z: 0}
  m_LocalScale: {x: 1, y: 1, z: 1}
  m_Children:
  - {fileID: 1341209847392414574}
  - {fileID: 6631532383378918788}
  - {fileID: 8649694973104463898}
  - {fileID: 1692818884548459158}
  m_Father: {fileID: 0}
  m_RootOrder: 0
  m_LocalEulerAnglesHint: {x: 0, y: 0, z: 0}
--- !u!114 &1519496744543800205
MonoBehaviour:
  m_ObjectHideFlags: 0
  m_CorrespondingSourceObject: {fileID: 0}
  m_PrefabInstance: {fileID: 0}
  m_PrefabAsset: {fileID: 0}
  m_GameObject: {fileID: 1519496744543800204}
  m_Enabled: 1
  m_EditorHideFlags: 0
  m_Script: {fileID: 11500000, guid: 8c232d4f1e3398646b3f972921be8ace, type: 3}
  m_Name: 
  m_EditorClassIdentifier: 
  _nextCyclePrefab: {fileID: 6691743024283613859, guid: 841c596628b470749a49847cc175eafb,
    type: 3}
  _ingredientName: Potatoe Wedges
  _ingredientPrice: 0.15
--- !u!1001 &2366131631453048689
PrefabInstance:
  m_ObjectHideFlags: 0
  serializedVersion: 2
  m_Modification:
    m_TransformParent: {fileID: 1519496744543800194}
    m_Modifications:
    - target: {fileID: 3468493670179344946, guid: dbd385fe0d0224e4babe82612dada215,
        type: 3}
      propertyPath: m_drawParticles
      value: 0
      objectReference: {fileID: 0}
    - target: {fileID: 3468493670179344946, guid: dbd385fe0d0224e4babe82612dada215,
        type: 3}
      propertyPath: m_Enabled
      value: 0
      objectReference: {fileID: 0}
    - target: {fileID: 4010501513478043111, guid: dbd385fe0d0224e4babe82612dada215,
        type: 3}
      propertyPath: m_LocalPosition.x
      value: 0.0088
      objectReference: {fileID: 0}
    - target: {fileID: 4010501513478043111, guid: dbd385fe0d0224e4babe82612dada215,
        type: 3}
      propertyPath: m_LocalPosition.y
      value: 0.02357328
      objectReference: {fileID: 0}
    - target: {fileID: 4010501513478043111, guid: dbd385fe0d0224e4babe82612dada215,
        type: 3}
      propertyPath: m_LocalPosition.z
      value: 0.0034000007
      objectReference: {fileID: 0}
    - target: {fileID: 4010501513478043111, guid: dbd385fe0d0224e4babe82612dada215,
        type: 3}
      propertyPath: m_LocalRotation.x
      value: 0.53278285
      objectReference: {fileID: 0}
    - target: {fileID: 4010501513478043111, guid: dbd385fe0d0224e4babe82612dada215,
        type: 3}
      propertyPath: m_LocalRotation.y
      value: 0.7218922
      objectReference: {fileID: 0}
    - target: {fileID: 4010501513478043111, guid: dbd385fe0d0224e4babe82612dada215,
        type: 3}
      propertyPath: m_LocalRotation.z
      value: -0.31709683
      objectReference: {fileID: 0}
    - target: {fileID: 4010501513478043111, guid: dbd385fe0d0224e4babe82612dada215,
        type: 3}
      propertyPath: m_LocalRotation.w
      value: 0.30734965
      objectReference: {fileID: 0}
    - target: {fileID: 4010501513478043111, guid: dbd385fe0d0224e4babe82612dada215,
        type: 3}
      propertyPath: m_RootOrder
      value: 3
      objectReference: {fileID: 0}
    - target: {fileID: 4010501513478043111, guid: dbd385fe0d0224e4babe82612dada215,
        type: 3}
      propertyPath: m_LocalEulerAnglesHint.x
      value: 51.750004
      objectReference: {fileID: 0}
    - target: {fileID: 4010501513478043111, guid: dbd385fe0d0224e4babe82612dada215,
        type: 3}
      propertyPath: m_LocalEulerAnglesHint.y
      value: 170.15501
      objectReference: {fileID: 0}
    - target: {fileID: 4010501513478043111, guid: dbd385fe0d0224e4babe82612dada215,
        type: 3}
      propertyPath: m_LocalEulerAnglesHint.z
      value: 68.073006
      objectReference: {fileID: 0}
    - target: {fileID: 4387624568290160477, guid: dbd385fe0d0224e4babe82612dada215,
        type: 3}
      propertyPath: m_Name
      value: Potatoe_3 (3)
      objectReference: {fileID: 0}
    m_RemovedComponents: []
  m_SourcePrefab: {fileID: 100100000, guid: dbd385fe0d0224e4babe82612dada215, type: 3}
--- !u!4 &1692818884548459158 stripped
Transform:
  m_CorrespondingSourceObject: {fileID: 4010501513478043111, guid: dbd385fe0d0224e4babe82612dada215,
    type: 3}
  m_PrefabInstance: {fileID: 2366131631453048689}
  m_PrefabAsset: {fileID: 0}
--- !u!1001 &2680986072062811785
PrefabInstance:
  m_ObjectHideFlags: 0
  serializedVersion: 2
  m_Modification:
    m_TransformParent: {fileID: 1519496744543800194}
    m_Modifications:
    - target: {fileID: 2874146744295853704, guid: dbd385fe0d0224e4babe82612dada215,
        type: 3}
      propertyPath: m_Materials.Array.data[0]
      value: 
      objectReference: {fileID: 8016137064621581038, guid: be220ba0720be46c194cf8db473bcc4d,
        type: 3}
    - target: {fileID: 2874146744295853704, guid: dbd385fe0d0224e4babe82612dada215,
        type: 3}
      propertyPath: m_Materials.Array.data[1]
      value: 
      objectReference: {fileID: -2523539062596849627, guid: 386c630ac0baf417196d78760142b95c,
        type: 3}
    - target: {fileID: 3468493670179344946, guid: dbd385fe0d0224e4babe82612dada215,
        type: 3}
      propertyPath: m_drawParticles
      value: 0
      objectReference: {fileID: 0}
    - target: {fileID: 3468493670179344946, guid: dbd385fe0d0224e4babe82612dada215,
        type: 3}
      propertyPath: m_Enabled
      value: 0
      objectReference: {fileID: 0}
    - target: {fileID: 4010501513478043111, guid: dbd385fe0d0224e4babe82612dada215,
        type: 3}
      propertyPath: m_LocalPosition.x
      value: 0.0177
      objectReference: {fileID: 0}
    - target: {fileID: 4010501513478043111, guid: dbd385fe0d0224e4babe82612dada215,
        type: 3}
      propertyPath: m_LocalPosition.y
      value: 0.0281
      objectReference: {fileID: 0}
    - target: {fileID: 4010501513478043111, guid: dbd385fe0d0224e4babe82612dada215,
        type: 3}
      propertyPath: m_LocalPosition.z
      value: -0.0045
      objectReference: {fileID: 0}
    - target: {fileID: 4010501513478043111, guid: dbd385fe0d0224e4babe82612dada215,
        type: 3}
      propertyPath: m_LocalRotation.x
      value: 0.3910015
      objectReference: {fileID: 0}
    - target: {fileID: 4010501513478043111, guid: dbd385fe0d0224e4babe82612dada215,
        type: 3}
      propertyPath: m_LocalRotation.y
      value: -0.32818213
      objectReference: {fileID: 0}
    - target: {fileID: 4010501513478043111, guid: dbd385fe0d0224e4babe82612dada215,
        type: 3}
      propertyPath: m_LocalRotation.z
      value: 0.5528192
      objectReference: {fileID: 0}
    - target: {fileID: 4010501513478043111, guid: dbd385fe0d0224e4babe82612dada215,
        type: 3}
      propertyPath: m_LocalRotation.w
      value: 0.65863895
      objectReference: {fileID: 0}
    - target: {fileID: 4010501513478043111, guid: dbd385fe0d0224e4babe82612dada215,
        type: 3}
      propertyPath: m_RootOrder
      value: 0
      objectReference: {fileID: 0}
    - target: {fileID: 4010501513478043111, guid: dbd385fe0d0224e4babe82612dada215,
        type: 3}
      propertyPath: m_LocalEulerAnglesHint.x
      value: 61.391003
      objectReference: {fileID: 0}
    - target: {fileID: 4010501513478043111, guid: dbd385fe0d0224e4babe82612dada215,
        type: 3}
      propertyPath: m_LocalEulerAnglesHint.y
      value: 0
      objectReference: {fileID: 0}
    - target: {fileID: 4010501513478043111, guid: dbd385fe0d0224e4babe82612dada215,
        type: 3}
      propertyPath: m_LocalEulerAnglesHint.z
      value: 80.01601
      objectReference: {fileID: 0}
    - target: {fileID: 4387624568290160477, guid: dbd385fe0d0224e4babe82612dada215,
        type: 3}
      propertyPath: m_Name
      value: Potatoe_3
      objectReference: {fileID: 0}
    m_RemovedComponents: []
  m_SourcePrefab: {fileID: 100100000, guid: dbd385fe0d0224e4babe82612dada215, type: 3}
--- !u!4 &1341209847392414574 stripped
Transform:
  m_CorrespondingSourceObject: {fileID: 4010501513478043111, guid: dbd385fe0d0224e4babe82612dada215,
    type: 3}
  m_PrefabInstance: {fileID: 2680986072062811785}
  m_PrefabAsset: {fileID: 0}
--- !u!1001 &5738089910646724093
PrefabInstance:
  m_ObjectHideFlags: 0
  serializedVersion: 2
  m_Modification:
    m_TransformParent: {fileID: 1519496744543800194}
    m_Modifications:
    - target: {fileID: 3468493670179344946, guid: dbd385fe0d0224e4babe82612dada215,
        type: 3}
      propertyPath: m_drawParticles
      value: 0
      objectReference: {fileID: 0}
    - target: {fileID: 3468493670179344946, guid: dbd385fe0d0224e4babe82612dada215,
        type: 3}
      propertyPath: m_Enabled
      value: 0
      objectReference: {fileID: 0}
    - target: {fileID: 4010501513478043111, guid: dbd385fe0d0224e4babe82612dada215,
        type: 3}
      propertyPath: m_LocalPosition.x
      value: 0.0031000003
      objectReference: {fileID: 0}
    - target: {fileID: 4010501513478043111, guid: dbd385fe0d0224e4babe82612dada215,
        type: 3}
      propertyPath: m_LocalPosition.y
      value: 0.018838355
      objectReference: {fileID: 0}
    - target: {fileID: 4010501513478043111, guid: dbd385fe0d0224e4babe82612dada215,
        type: 3}
      propertyPath: m_LocalPosition.z
      value: -0.0095305
      objectReference: {fileID: 0}
    - target: {fileID: 4010501513478043111, guid: dbd385fe0d0224e4babe82612dada215,
        type: 3}
      propertyPath: m_LocalRotation.x
      value: 0.6168365
      objectReference: {fileID: 0}
    - target: {fileID: 4010501513478043111, guid: dbd385fe0d0224e4babe82612dada215,
        type: 3}
      propertyPath: m_LocalRotation.y
      value: 0.1648467
      objectReference: {fileID: 0}
    - target: {fileID: 4010501513478043111, guid: dbd385fe0d0224e4babe82612dada215,
        type: 3}
      propertyPath: m_LocalRotation.z
      value: -0.19870806
      objectReference: {fileID: 0}
    - target: {fileID: 4010501513478043111, guid: dbd385fe0d0224e4babe82612dada215,
        type: 3}
      propertyPath: m_LocalRotation.w
      value: 0.7435411
      objectReference: {fileID: 0}
    - target: {fileID: 4010501513478043111, guid: dbd385fe0d0224e4babe82612dada215,
        type: 3}
      propertyPath: m_RootOrder
      value: 2
      objectReference: {fileID: 0}
    - target: {fileID: 4010501513478043111, guid: dbd385fe0d0224e4babe82612dada215,
        type: 3}
      propertyPath: m_LocalEulerAnglesHint.x
      value: 79.358
      objectReference: {fileID: 0}
    - target: {fileID: 4010501513478043111, guid: dbd385fe0d0224e4babe82612dada215,
        type: 3}
      propertyPath: m_LocalEulerAnglesHint.y
      value: 0
      objectReference: {fileID: 0}
    - target: {fileID: 4010501513478043111, guid: dbd385fe0d0224e4babe82612dada215,
        type: 3}
      propertyPath: m_LocalEulerAnglesHint.z
      value: -29.925001
      objectReference: {fileID: 0}
    - target: {fileID: 4387624568290160477, guid: dbd385fe0d0224e4babe82612dada215,
        type: 3}
      propertyPath: m_Name
      value: Potatoe_3 (2)
      objectReference: {fileID: 0}
    m_RemovedComponents: []
  m_SourcePrefab: {fileID: 100100000, guid: dbd385fe0d0224e4babe82612dada215, type: 3}
--- !u!4 &8649694973104463898 stripped
Transform:
  m_CorrespondingSourceObject: {fileID: 4010501513478043111, guid: dbd385fe0d0224e4babe82612dada215,
    type: 3}
  m_PrefabInstance: {fileID: 5738089910646724093}
  m_PrefabAsset: {fileID: 0}
--- !u!1001 &7759638875807070307
PrefabInstance:
  m_ObjectHideFlags: 0
  serializedVersion: 2
  m_Modification:
    m_TransformParent: {fileID: 1519496744543800194}
    m_Modifications:
    - target: {fileID: 3468493670179344946, guid: dbd385fe0d0224e4babe82612dada215,
        type: 3}
      propertyPath: m_drawParticles
      value: 0
      objectReference: {fileID: 0}
    - target: {fileID: 3468493670179344946, guid: dbd385fe0d0224e4babe82612dada215,
        type: 3}
      propertyPath: m_Enabled
      value: 0
      objectReference: {fileID: 0}
    - target: {fileID: 4010501513478043111, guid: dbd385fe0d0224e4babe82612dada215,
        type: 3}
      propertyPath: m_LocalPosition.x
      value: -0.0083
      objectReference: {fileID: 0}
    - target: {fileID: 4010501513478043111, guid: dbd385fe0d0224e4babe82612dada215,
        type: 3}
      propertyPath: m_LocalPosition.y
      value: 0.0367
      objectReference: {fileID: 0}
    - target: {fileID: 4010501513478043111, guid: dbd385fe0d0224e4babe82612dada215,
        type: 3}
      propertyPath: m_LocalPosition.z
      value: 0.0016
      objectReference: {fileID: 0}
    - target: {fileID: 4010501513478043111, guid: dbd385fe0d0224e4babe82612dada215,
        type: 3}
      propertyPath: m_LocalRotation.x
      value: 0.70435536
      objectReference: {fileID: 0}
    - target: {fileID: 4010501513478043111, guid: dbd385fe0d0224e4babe82612dada215,
        type: 3}
      propertyPath: m_LocalRotation.y
      value: 0.10941765
      objectReference: {fileID: 0}
    - target: {fileID: 4010501513478043111, guid: dbd385fe0d0224e4babe82612dada215,
        type: 3}
      propertyPath: m_LocalRotation.z
      value: 0.4252754
      objectReference: {fileID: 0}
    - target: {fileID: 4010501513478043111, guid: dbd385fe0d0224e4babe82612dada215,
        type: 3}
      propertyPath: m_LocalRotation.w
      value: 0.55772054
      objectReference: {fileID: 0}
    - target: {fileID: 4010501513478043111, guid: dbd385fe0d0224e4babe82612dada215,
        type: 3}
      propertyPath: m_RootOrder
      value: 1
      objectReference: {fileID: 0}
    - target: {fileID: 4010501513478043111, guid: dbd385fe0d0224e4babe82612dada215,
        type: 3}
      propertyPath: m_LocalEulerAnglesHint.x
      value: 43.836002
      objectReference: {fileID: 0}
    - target: {fileID: 4010501513478043111, guid: dbd385fe0d0224e4babe82612dada215,
        type: 3}
      propertyPath: m_LocalEulerAnglesHint.y
      value: 91.285
      objectReference: {fileID: 0}
    - target: {fileID: 4010501513478043111, guid: dbd385fe0d0224e4babe82612dada215,
        type: 3}
      propertyPath: m_LocalEulerAnglesHint.z
      value: 119.38701
      objectReference: {fileID: 0}
    - target: {fileID: 4387624568290160477, guid: dbd385fe0d0224e4babe82612dada215,
        type: 3}
      propertyPath: m_Name
      value: Potatoe_3 (1)
      objectReference: {fileID: 0}
    m_RemovedComponents: []
  m_SourcePrefab: {fileID: 100100000, guid: dbd385fe0d0224e4babe82612dada215, type: 3}
--- !u!4 &6631532383378918788 stripped
Transform:
  m_CorrespondingSourceObject: {fileID: 4010501513478043111, guid: dbd385fe0d0224e4babe82612dada215,
    type: 3}
  m_PrefabInstance: {fileID: 7759638875807070307}
  m_PrefabAsset: {fileID: 0}
